<record><leader>00000cas a2200000 a 4500</leader><controlfield tag="001">34176220</controlfield><controlfield tag="008">960212d19731975fluwr ne      0    0eng c</controlfield><datafield ind1=" " ind2=" " tag="010"><subfield code="a">sn 96027124 </subfield></datafield><datafield ind1=" " ind2=" " tag="040"><subfield code="a">FUG</subfield><subfield code="b">eng</subfield><subfield code="c">FUG</subfield><subfield code="d">OCLCQ</subfield><subfield code="d">OCLCF</subfield><subfield code="d">OCLCO</subfield></datafield><datafield ind1=" " ind2=" " tag="012"><subfield code="i">9602</subfield></datafield><datafield ind1="1" ind2=" " tag="029"><subfield code="a">AU@</subfield><subfield code="b">000025919047</subfield></datafield><datafield ind1=" " ind2=" " tag="042"><subfield code="a">pcc</subfield></datafield><datafield ind1=" " ind2=" " tag="043"><subfield code="a">n-us-fl</subfield></datafield><datafield ind1="0" ind2=" " tag="130"><subfield code="a">Leader (Tarpon Springs, Fla.)</subfield></datafield><datafield ind1="1" ind2="4" tag="245"><subfield code="a">The leader.</subfield></datafield><datafield ind1="1" ind2="3" tag="246"><subfield code="a">Holiday leader</subfield><subfield code="f">1973</subfield></datafield><datafield ind1=" " ind2=" " tag="260"><subfield code="a">Tarpon Springs, Fla. :</subfield><subfield code="b">Tarpon Springs Pub. Co.,</subfield><subfield code="c">1973-1975.</subfield></datafield><datafield ind1=" " ind2=" " tag="300"><subfield code="a">v.</subfield></datafield><datafield ind1=" " ind2=" " tag="310"><subfield code="a">Weekly</subfield></datafield><datafield ind1="0" ind2=" " tag="362"><subfield code="a">Vol. 68, no. 27 (July 25, 1973)- ; -68th year, no. 12 (Mar. 12, 1975).</subfield></datafield><datafield ind1=" " ind2="0" tag="651"><subfield code="a">Tarpon Springs (Fla.)</subfield><subfield code="v">Newspapers.</subfield></datafield><datafield ind1=" " ind2="0" tag="651"><subfield code="a">Pinellas County (Fla.)</subfield><subfield code="v">Newspapers.</subfield></datafield><datafield ind1=" " ind2="7" tag="655"><subfield code="a">Newspapers.</subfield><subfield code="2">fast</subfield><subfield code="0">(OCoLC)fst01423814</subfield></datafield><datafield ind1=" " ind2="7" tag="651"><subfield code="a">Florida</subfield><subfield code="z">Pinellas County.</subfield><subfield code="2">fast</subfield><subfield code="0">(OCoLC)fst01209407</subfield></datafield><datafield ind1=" " ind2="7" tag="651"><subfield code="a">Florida</subfield><subfield code="z">Tarpon Springs.</subfield><subfield code="2">fast</subfield><subfield code="0">(OCoLC)fst01212919</subfield></datafield><datafield ind1=" " ind2=" " tag="752"><subfield code="a">United States</subfield><subfield code="b">Florida</subfield><subfield code="c">Pinellas</subfield><subfield code="d">Tarpon Springs.</subfield></datafield><datafield ind1="0" ind2="0" tag="780"><subfield code="t">Tarpon Springs leader (Tarpon Springs, Fla. : 1910)</subfield><subfield code="w">(DLC)sn 96027123</subfield><subfield code="w">(OCoLC)34176219</subfield></datafield><datafield ind1="0" ind2="0" tag="785"><subfield code="t">Tarpon Springs leader (Tarpon Springs, Fla. : 1975)</subfield><subfield code="w">(DLC)sn 96027125</subfield><subfield code="w">(OCoLC)34176222</subfield></datafield><datafield ind1=" " ind2=" " tag="850"><subfield code="a">FU</subfield></datafield></record>